@ARTICLE{Kim2012,
author = {Y Kim},
journal = {Transactions on Other Stuff},
month = 01,
number = {1},
pages = {1--11},
title = {{Example 3}},
volume = {5},
year = {2012},
}
@ARTICLE{Jane2010,
author = {Jane Doe},
journal = {Transactions on Stuff},
month = 01,
number = {1},
pages = {1--11},
title = {{Example 2}},
volume = {5},
year = {2010},
}