\begin{filecontents*}{JDHVPublications.bib}

@inproceedings{Hernandez2015b_,
address = {Genova},
author = {Hern{\'{a}}ndez, Juan David and Vidal, Eduard and Vallicrosa, Guillem and Pairet, {\`{E}}ric and Carreras, Marc},
booktitle = {MTS/IEEE OCEANS},
month = {may},
pages = {1--6},
publisher = {IEEE},
title = {{Simultaneous mapping and planning for autonomous underwater vehicles in unknown environments}},
year = {2015}
}
@inproceedings{Hernandez2015a_,
address = {Seattle},
author = {Hern{\'{a}}ndez, Juan David and Vidal, Eduard and Vallicrosa, Guillem and Galceran, Enric and Carreras, Marc},
booktitle = {IEEE International Conference on Robotics and Automation (ICRA)},
month = {may},
pages = {1152--1157},
publisher = {IEEE},
title = {{Online path planning for autonomous underwater vehicles in unknown environments}},
year = {2015}
}
@inproceedings{Hernandez2015_,
address = {Girona},
author = {Hern{\'{a}}ndez, Juan David and Vallicrosa, Guillem and Vidal, Eduard and Pairet, {\`{E}}ric and Carreras, Marc and Ridao, Pere},
booktitle = {4th IFAC Workshop on Navigation, Guidance and Control of Underwater Vehicles (NGCUV)},
keywords = {2015,communication channels,mapping,morph,on-line processing,path planning,surveys},
mendeley-tags = {2015,morph},
number = {2},
pages = {50--55},
title = {{On-line 3D Path Planning for Close-proximity Surveying with AUVs}},
volume = {48},
year = {2015}
}
@article{Hernandez2016a_,
author = {Hern{\'{a}}ndez, Juan David and Isteni{\v{c}}, Klemen and Gracias, Nuno and Palomeras, Narc{\'{i}}s and Campos, Ricard and Vidal, Eduard and Garc{\'{i}}a, Rafael and Carreras, Marc},
journal = {Sensors},
keywords = {3d reconstruction,ecology,mapping,path planning,underwater},
month = {jul},
number = {8},
pages = {1174},
title = {{Autonomous Underwater Navigation and Optical Mapping in Unknown Natural Environments}},
volume = {16},
year = {2016}
}
@inproceedings{Hernandez2016b_,
address = {Daejeon, Korea},
author = {Hern{\'{a}}ndez, Juan David and Moll, Mark and Vidal, Eduard and Carreras, Marc and Kavraki, Lydia E},
booktitle = {IEEE/RSJ International Conference on Intelligent Robots and Systems (IROS)},
pages = {1313--1320},
title = {{Planning Feasible and Safe Paths Online for Autonomous Underwater Vehicles in Unknown Environments}},
year = {2016}
}
@inproceedings{Hernandez2016_,
address = {Lisbon, Portugal},
author = {Hern{\'{a}}ndez, Juan David and Istenic, Klemen and Gracias, Nuno and Garc{\'{i}}a, Rafael and Ridao, Pere and Carreras, Marc},
booktitle = {ROBOT2015: Second Iberian Robotics Conference},
keywords = {auv,mapping,monitoring,online compu-,path planning,photo-mosaics,tation constraints,underwater environments},
pages = {27--39},
publisher = {Springer International Publishing},
title = {{Autonomous Seabed Inspection for Environmental Monitoring}},
year = {2016}
}

\end{filecontents*}